@misc{NordPool_priceformation,
    title = {Price formation} ,
    howpublished = {\url{https://www.nordpoolgroup.com/en/the-power-market/Day-ahead-market/Price-formation/}},
    note = {Accessed 2024-03-29}
}
@misc{NordPool,
    title = {The Power Market} ,
    howpublished = {\url{https://www.nordpoolgroup.com/en/the-power-market/}},
    note = {Accessed 2023-11-17}
}

@misc{SKM,
    title = {The Power Market} ,
    howpublished = {\url{https://www.skmenergy.com/}},
    note = {Accessed 2024-03-23}
}

@misc{NordPool2,
    title = {Day-ahead market} ,
    howpublished = {\url{https://www.nordpoolgroup.com/en/the-power-market/Day-ahead-market/}},
    note = {Accessed 2023-11-17}
}
@misc{NordPool_intraday,
    title = {Intraday trading} ,
    howpublished = {\url{https://www.nordpoolgroup.com/en/trading/intraday-trading/}},
    note = {Accessed 2024-03-17}
}
@misc{NordPool_capacities,
    title = {Capacities} ,
    howpublished = {\url{https://www.nordpoolgroup.com/en/trading/Day-ahead-trading/capacities/}},
    note = {Accessed 2024-03-17}
}

@misc{areas,
    title = {Bidding areas} ,
    howpublished = {\url{https://www.nordpoolgroup.com/en/the-power-market/Bidding-areas/}},
    note = {Accessed 2023-12-04}
}
@misc{entsoe,
    title = {ENTSOE Transparency Platform} ,
    howpublished = {\url{https://transparency.entsoe.eu/generation/r2/actualGenerationPerProductionType/show}},
    note = {Accessed 2024-03-21}
}
@misc{oilpower,
    title = {Karlshamnsverket} ,
    howpublished = {\url{https://www.uniper.energy/sv/sverige/kraftverk-i-sverige/karlshamn}},
    note = {Accessed 2024-03-21}
}
@misc{lowcarbonpower,
    title = {Electricity in Sweden in 2023} ,
    howpublished = {\url{https://lowcarbonpower.org/region/Sweden}},
    note = {Accessed 2024-03-21}
}

@misc{energiforetagen,
    title = {Electricity in Sweden in 2023} ,
    howpublished = {\url{https://www.energiforetagen.se/energifakta/elsystemet/produktion/}},
    note = {Accessed 2024-03-21}
}

@misc{affarsvarlden,
    title = {Elpriset uppåt i Sverige – Karlshamnsverket igång} ,
    howpublished = {\url{https://www.affarsvarlden.se/artikel/elpriset-uppat-i-sverige-karlshamnsverket-igang}},
    note = {Accessed 2024-03-21}
}

@misc{medium_figur,
    title = {Applied Deep Learning - Part 1: Artificial Neural Networks} ,
    howpublished = {\url{https://towardsdatascience.com/applied-deep-learning-part-1-artificial-neural-networks-d7834f67a4f6}},
    note = {Accessed 2024-03-21}
}
@misc{NEM,
    title = {An overview of the Nordic Electricity Market} ,
    howpublished = {\url{https://www.nordicenergyregulators.org/about-nordreg/an-overview-of-the-nordic-electricity-market/}},
    note = {Accessed 2023-12-04}
}

@misc{transmission,
    title = {Målet: Alltid maximal tillgänglig kapacitet i ledningarna} ,
    howpublished = {\url{https://www.svk.se/press-och-nyheter/temasidor/tema-om-overforingskapacitet-och-tillganglighet/}},
    year = {2021},
    note = {Accessed 2024-03-22}
}

%--%
@article{LAGO2021116983,
title = {Forecasting day-ahead electricity prices: A review of state-of-the-art algorithms, best practices and an open-access benchmark},
journal = {Applied Energy},
volume = {293},
pages = {116983},
year = {2021},
issn = {0306-2619},
doi = {https://doi.org/10.1016/j.apenergy.2021.116983},
}
@article{Jedrzejewski_2022,
   title={Electricity Price Forecasting: The Dawn of Machine Learning},
   volume={20},
   ISSN={1558-4216},
   url={http://dx.doi.org/10.1109/MPE.2022.3150809},
   DOI={10.1109/mpe.2022.3150809},
   number={3},
   journal={IEEE Power and Energy Magazine},
   publisher={Institute of Electrical and Electronics Engineers (IEEE)},
   author={Jedrzejewski, Arkadiusz and Lago, Jesus and Marcjasz, Grzegorz and Weron, Rafal},
   year={2022},
   month=may, pages={24–31} 
}
@book{graupe2013principles,
  title={Principles of Artificial Neural Networks},
  author={Graupe, D.},
  isbn={9789814522748},
  lccn={2013372134},
  series={Advanced series in circuits and systems},
  year={2013},
  publisher={World Scientific}
}
@article{LSTM,
    author = {Hochreiter, Sepp and Schmidhuber, J\"{u}rgen},
    title = {Long Short-Term Memory},
    year = {1997},
    issue_date = {November 15, 1997},
    publisher = {MIT Press},
    address = {Cambridge, MA, USA},
    volume = {9},
    number = {8},
    issn = {0899-7667},
    doi = {10.1162/neco.1997.9.8.1735},
    journal = {Neural Comput.},
    month = {11},
    pages = {1735–1780},
    numpages = {46}
}
@INPROCEEDINGS{bilstm,
  author={Abdellatif, Abdallah and Mubarak, Hamza and Ahmad, Shameem and Mekhilef, Saad and Abdellatef, Hamdan and Mokhlis, Hazlie and Kanesan, Jeevan},
  booktitle={2023 IEEE IAS Global Conference on Renewable Energy and Hydrogen Technologies (GlobConHT)}, 
  title={Electricity Price Forecasting One Day Ahead by Employing Hybrid Deep Learning Model}, 
  year={2023},
  volume={},
  number={},
  pages={1-5},
  doi={10.1109/GlobConHT56829.2023.10087634}
}

@Article{PCA,
AUTHOR = {Hong, Ying-Yi and Wu, Ching-Ping},
TITLE = {Day-Ahead Electricity Price Forecasting Using a Hybrid Principal Component Analysis Network},
JOURNAL = {Energies},
VOLUME = {5},
YEAR = {2012},
NUMBER = {11},
PAGES = {4711--4725},
URL = {https://www.mdpi.com/1996-1073/5/11/4711},
ISSN = {1996-1073},
DOI = {10.3390/en5114711}
}

@misc{transformer,
      title={Attention Is All You Need}, 
      author={Ashish Vaswani and Noam Shazeer and Niki Parmar and Jakob Uszkoreit and Llion Jones and Aidan N. Gomez and Lukasz Kaiser and Illia Polosukhin},
      year={2017},
      eprint={1706.03762},
      archivePrefix={arXiv},
      primaryClass={cs.CL}
}
@misc{TransformerNLP,
    title = {Transformer: A Novel Neural Network Architecture for Language Understanding} ,
    howpublished = {\url{https://blog.research.google/2017/08/transformer-novel-neural-network.html}},
    note = {Accessed 2023-11-17}
}
@misc{adam,
      title={Adam: A Method for Stochastic Optimization}, 
      author={Diederik P. Kingma and Jimmy Ba},
      year={2017},
      eprint={1412.6980},
      archivePrefix={arXiv}
}


@Article{multivariate,
AUTHOR = {Casolaro, Angelo and Capone, Vincenzo and Iannuzzo, Gennaro and Camastra, Francesco},
TITLE = {Deep Learning for Time Series Forecasting: Advances and Open Problems},
JOURNAL = {Information},
VOLUME = {14},
YEAR = {2023},
NUMBER = {11},
ARTICLE-NUMBER = {598},
URL = {https://www.mdpi.com/2078-2489/14/11/598},
ISSN = {2078-2489},
DOI = {10.3390/info14110598}
}

@misc{mqrnn,
      title={A Multi-Horizon Quantile Recurrent Forecaster}, 
      author={Ruofeng Wen and Kari Torkkola and Balakrishnan Narayanaswamy and Dhruv Madeka},
      year={2018},
      eprint={1711.11053},
      archivePrefix={arXiv}
}


@InProceedings{sgd,
author="Bottou, L{\'e}on",
title="Large-Scale Machine Learning with Stochastic Gradient Descent",
booktitle="Proceedings of COMPSTAT'2010",
year="2010",
publisher="Physica-Verlag HD",
address="Heidelberg",
pages="177--186",
isbn="978-3-7908-2604-3"
}

@misc{government_plan,
    title = {Målet: Alltid maximal tillgänglig kapacitet i ledningarna} ,
    howpublished = {\url{https://www.regeringen.se/artiklar/2023/09/utkast-pa-uppdaterad-nationell-energi--och-klimatplan-for-sverige/}},
    year = {2023},
    note = {Accessed 2024-03-22}
}

@misc{history1,
    title = {Elmarknaden i Sverige} ,
    howpublished = {\url{https://www.energimarknadsbyran.se/el/elmarknaden/elmarknaden-i-sverige/}},
    note = {Accessed 2023-12-04}
}
@misc{history2,
    title = {History} ,
    howpublished = {\url{https://www.nordpoolgroup.com/en/About-us/History/}},
    note = {Accessed 2023-12-04}
}
@misc{history3,
    title = {The power market} ,
    howpublished = {\url{https://www.nordpoolgroup.com/en/the-power-market/}},
    note = {Accessed 2023-12-04}
}

@misc{vattenfall, 
title = {Pionjärverken},
howpublished={\url{https://historia.vattenfall.se/stories/fran-vattenkraft-till-solceller/pionjarverken}}, 
note = {Accessed 2024-03-28}, 
}


@misc{windstats,
    title = {Statistics} ,
    howpublished = {\url{https://www.energimyndigheten.se/en/facts-and-figures/statistics/}},
    note = {Accessed 2024-03-25}
}

@misc{dlorigin,
      title={On the Origin of Deep Learning}, 
      author={Haohan Wang and Bhiksha Raj},
      year={2017},
      eprint={1702.07800},
      archivePrefix={arXiv},
      primaryClass={cs.LG}
}
@article{dawn,
   title={Electricity Price Forecasting: The Dawn of Machine Learning},
   volume={20},
   ISSN={1558-4216},
   url={http://dx.doi.org/10.1109/MPE.2022.3150809},
   DOI={10.1109/mpe.2022.3150809},
   number={3},
   journal={IEEE Power and Energy Magazine},
   publisher={Institute of Electrical and Electronics Engineers (IEEE)},
   author={Jedrzejewski, Arkadiusz and Lago, Jesus and Marcjasz, Grzegorz and Weron, Rafal},
   year={2022},
   month=5, pages={24–31} 
}
@book{goodfellow,
    title={Deep Learning},
    author={Michael A. Nielsen},
    publisher={Determination Press},
    note={\url{http://www.deeplearningbook.org}},
    year={2015}
}
@book{nielsen,
    title={Neural Networks and Deep Learning},
    author={Ian Goodfellow and Yoshua Bengio and Aaron Courville},
    publisher={MIT Press},
    note={\url{neuralnetworksanddeeplearning.com}},
    year={2016}
}

@article{WAGNER2022100246,
title = {Short- and long-term forecasting of electricity prices using embedding of calendar information in neural networks},
journal = {Journal of Commodity Markets},
volume = {28},
pages = {100246},
year = {2022},
issn = {2405-8513},
doi = {https://doi.org/10.1016/j.jcomm.2022.100246},
url = {https://www.sciencedirect.com/science/article/pii/S2405851322000046},
author = {Andreas Wagner and Enislay Ramentol and Florian Schirra and Hendrik Michaeli}
}

@misc{liu2023itransformer,
      title={iTransformer: Inverted Transformers Are Effective for Time Series Forecasting}, 
      author={Yong Liu and Tengge Hu and Haoran Zhang and Haixu Wu and Shiyu Wang and Lintao Ma and Mingsheng Long},
      year={2023},
      eprint={2310.06625},
      archivePrefix={arXiv},
      primaryClass={cs.LG}
}

@misc{data1,
    title = {Data Portal} ,
    howpublished = {\url{https://www.nordpoolgroup.com/en/services/power-market-data-services/dataportalregistration/}},
    note = {Accessed 2023-12-04}
}

@INPROCEEDINGS{classf,
  author={Zareipour, Hamidreza and Janjani, Arya and Leung, Henry and Motamedi, Amir and Schellenberg, Anthony},
  booktitle={2011 IEEE Power and Energy Society General Meeting}, 
  title={Electricity price thresholding and classification}, 
  year={2011},
  volume={},
  number={},
  pages={1-7},
  doi={10.1109/PES.2011.6039506}}

@article{chatfield,
author = {Chatfield, Chris},
title = {Time-series forecasting},
journal = {Significance},
volume = {2},
number = {3},
pages = {131-133},
doi = {https://doi.org/10.1111/j.1740-9713.2005.00117.x},
year = {2005}
}

@INPROCEEDINGS{epfnpool,
  author={Beigaite, Rita and Krilavičius, Tomas and Man, Ka Lok},
  booktitle={2018 International Conference on Platform Technology and Service (PlatCon)}, 
  title={Electricity Price Forecasting for Nord Pool Data}, 
  year={2018},
  volume={},
  number={},
  pages={1-6},
  doi={10.1109/PlatCon.2018.8472762}}


@INPROCEEDINGS{spatiotemp,
  author={Cheng, Xu and Ilieva, Iliana and Bremdal, Bernt and Redhu, Surender and Ødegaard Ottesen, Stig},
  booktitle={2023 3rd International Conference on Applied Artificial Intelligence (ICAPAI)}, 
  title={A Novel Spatial-Temporal Deep Neural Network for Electricity Price Forecasting}, 
  year={2023},
  pages={1-6},
  doi={10.1109/ICAPAI58366.2023.10193970}}

@inproceedings{spatiotempweather,
  title={Artificial Intelligence and Nord Pool’s intraday electricity market Elbas : a demonstration and pragmatic evaluation of employing deep learning for price prediction : using extensive market data and spatio-temporal weather forecasts},
  author={Johannes Krokeide Kolberg and Kristin Waage},
  year={2018},
  url={https://api.semanticscholar.org/CorpusID:158664732}
}

@inproceedings{stackedlstm,
author = {Jana, Aryyama and Paul, Rudrendu},
year = {2023},
month = {10},
pages = {1-6},
title = {Performance Comparison of Advanced Machine Learning Techniques for Electricity Price Forecasting},
doi = {10.1109/NAPS58826.2023.10318603}
}

@article{arch2,
title = {Forecasting day-ahead electricity prices: A comparison of time series and neural network models taking external regressors into account},
journal = {Energy Economics},
volume = {106},
pages = {105742},
year = {2022},
issn = {0140-9883},
doi = {https://doi.org/10.1016/j.eneco.2021.105742},
author = {Malte Lehna and Fabian Scheller and Helmut Herwartz}
}

@misc{smhiladdaner,
	author = {},
	title = {{S}{M}{H}{I} },
	howpublished = {\url{https://www.smhi.se/}},
	year = {},
	note = {[Accessed 2024-01-26]},
}

@misc{smhiprognos,
	author = {},
	title = {{S}{M}{H}{I} },
	howpublished = {\url{https://www.smhi.se/kunskapsbanken/meteorologi/vaderprognoser/varfor-stammer-inte-alltid-prognoserna-1.4656}},
	year = {},
	note = {[Accessed 2024-04-30]}
}

@Article{time2vec,
AUTHOR = {Cantillo-Luna, Sergio and Moreno-Chuquen, Ricardo and Lopez-Sotelo, Jesus and Celeita, David},
TITLE = {An Intra-Day Electricity Price Forecasting Based on a Probabilistic Transformer Neural Network Architecture},
JOURNAL = {Energies},
VOLUME = {16},
YEAR = {2023},
NUMBER = {19},
ARTICLE-NUMBER = {6767},
URL = {https://www.mdpi.com/1996-1073/16/19/6767},
ISSN = {1996-1073},
DOI = {10.3390/en16196767}
}

@misc{graves,
      title={Generating Sequences With Recurrent Neural Networks}, 
      author={Alex Graves},
      year={2014},
      eprint={1308.0850},
      archivePrefix={arXiv},
      primaryClass={cs.NE}
}

@Article{architechture1,
AUTHOR = {Ugurlu, Umut and Oksuz, Ilkay and Tas, Oktay},
TITLE = {Electricity Price Forecasting Using Recurrent Neural Networks},
JOURNAL = {Energies},
VOLUME = {11},
YEAR = {2018},
NUMBER = {5},
ARTICLE-NUMBER = {1255},
ISSN = {1996-1073},
DOI = {10.3390/en11051255}
}

@INPROCEEDINGS{zhang,
  author={Zhang, Fan and Fleyeh, Hasan},
  booktitle={2019 16th International Conference on the European Energy Market (EEM)}, 
  title={Short Term Electricity Spot Price Forecasting Using CatBoost and Bidirectional Long Short Term Memory Neural Network}, 
  year={2019},
  volume={},
  number={},
  pages={1-6},
  doi={10.1109/EEM.2019.8916412}}


@article{QRA,
author = {Nowotarski, Jakub and Weron, Rafał},
year = {2014},
month = {08},
pages = {},
title = {Computing electricity spot price prediction intervals using quantile regression and forecast averaging},
volume = {30},
journal = {Computational Statistics},
doi = {10.1007/s00180-014-0523-0}
}

@article{PI,
title = {Recent advances in electricity price forecasting: A review of probabilistic forecasting},
journal = {Renewable and Sustainable Energy Reviews},
volume = {81},
pages = {1548-1568},
year = {2018},
issn = {1364-0321},
doi = {https://doi.org/10.1016/j.rser.2017.05.234},
url = {https://www.sciencedirect.com/science/article/pii/S1364032117308808},
author = {Jakub Nowotarski and Rafał Weron},
}

@article{spanish,
  author = {Julia Díaz and Álvaro Romero and José Ramón Dorronsoro},
  title = {Day-Ahead Price Forecasting for the Spanish Electricity Market},
  year = {2019},
  journal = {International Journal of Interactive Multimedia and Artificial Intelligence},
  volume = {5},
  number = {4},
  pages = {42-50},
  month = {03/2019},
  issn = {1989-1660},
  url ={http://www.ijimai.org/journal/sites/default/files/files/2018/04/ijimai_5_4_5_pdf_14997.pdf},
  doi = {10.9781/ijimai.2018.04.008},
}

@article{coupling,
author = {Li, Wei and Becker, Denis},
year = {2021},
month = {07},
pages = {},
title = {Day-ahead electricity price prediction applying hybrid models of LSTM-based deep learning methods and feature selection algorithms under consideration of market coupling}
}

@Article{gridSearch,
  author={F. Cordoni},
  title={{A comparison of modern deep neural network architectures for energy spot price forecasting}},
  journal={Digital Finance},
  year=2020,
  volume={2},
  number={3},
  pages={189-210},
  month={12},
  doi={10.1007/s42521-020-00022-}
}

@InProceedings{mcdrop,
  title = 	 {Dropout as a Bayesian Approximation: Representing Model Uncertainty in Deep Learning},
  author = 	 {Gal, Yarin and Ghahramani, Zoubin},
  booktitle = 	 {Proceedings of The 33rd International Conference on Machine Learning},
  pages = 	 {1050--1059},
  year = 	 {2016},
  editor = 	 {Balcan, Maria Florina and Weinberger, Kilian Q.},
  volume = 	 {48},
  series = 	 {Proceedings of Machine Learning Research},
  address = 	 {New York, New York, USA},
  month = 	 {06},
  publisher =    {PMLR},
  pdf = 	 {http://proceedings.mlr.press/v48/gal16.pdf},
  url = 	 {https://proceedings.mlr.press/v48/gal16.html},
}

@misc{kerasDropout, 
title={Dropout layer},
url={https://keras.io/api/layers/regularization_layers/dropout/}, 
abstractNote={Keras documentation}, 
author={Keras}
}

@incollection{pytorch,
title = {PyTorch: An Imperative Style, High-Performance Deep Learning Library},
author = {Paszke, Adam and Gross, Sam and Massa, Francisco and Lerer, Adam and Bradbury, James and Chanan, Gregory and Killeen, Trevor and Lin, Zeming and Gimelshein, Natalia and Antiga, Luca and Desmaison, Alban and Kopf, Andreas and Yang, Edward and DeVito, Zachary and Raison, Martin and Tejani, Alykhan and Chilamkurthy, Sasank and Steiner, Benoit and Fang, Lu and Bai, Junjie and Chintala, Soumith},
booktitle = {Advances in Neural Information Processing Systems 32},
pages = {8024--8035},
year = {2019},
publisher = {Curran Associates, Inc.},
url = {http://papers.neurips.cc/paper/9015-pytorch-an-imperative-style-high-performance-deep-learning-library.pdf}
}

@inproceedings{rnnHiddenState,
title = {Empirical evaluation of gated recurrent neural networks on sequence modeling},
author = {Junyoung Chung and Caglar Gulcehre and Kyunghyun Cho and Yoshua Bengio},
year = {2014},
booktitle = {NIPS 2014 Workshop on Deep Learning, December 2014},
}

@book{diveLSTM,
    title={Dive into Deep Learning},
    author={Zhang, Aston and Lipton, Zachary C. and Li, Mu and Smola, Alexander J.},
    publisher={Cambridge University Press},
    note={\url{https://D2L.ai}},
    year={2023}
}

@article{determinants,
title = {Forecasting electricity prices from the state-of-the-art modeling technology and the price determinant perspectives},
journal = {Research in International Business and Finance},
volume = {67},
pages = {102132},
year = {2024},
issn = {0275-5319},
doi = {https://doi.org/10.1016/j.ribaf.2023.102132},
author = {Shanglei Chai and Qiang Li and Mohammad Zoynul Abedin and Brian M. Lucey}
}

@phdthesis{epf_is_multivariate,
  TITLE = {{Machine Learning techniques for Electricity Price Forecasting}},
  AUTHOR = {Tschora, L{\'e}onard},
  URL = {https://hal.science/tel-04372073},
  SCHOOL = {{INSA LYON}},
  YEAR = {2024},
  MONTH = Jan
}

@article{batchSize,
title = {The general inefficiency of batch training for gradient descent learning},
journal = {Neural Networks},
volume = {16},
number = {10},
pages = {1429-1451},
year = {2003},
issn = {0893-6080},
doi = {https://doi.org/10.1016/S0893-6080(03)00138-2},
author = {D.Randall Wilson and Tony R. Martinez}
}

@article{darts,
  author  = {Julien Herzen and Francesco Lässig and Samuele Giuliano Piazzetta and Thomas Neuer and Léo Tafti and Guillaume Raille and Tomas Van Pottelbergh and Marek Pasieka and Andrzej Skrodzki and Nicolas Huguenin and Maxime Dumonal and Jan Kościsz and Dennis Bader and Frédérick Gusset and Mounir Benheddi and Camila Williamson and Michal Kosinski and Matej Petrik and Gaël Grosch},
  title   = {Darts: User-Friendly Modern Machine Learning for Time Series},
  journal = {Journal of Machine Learning Research},
  year    = {2022},
  volume  = {23},
  number  = {124},
  pages   = {1-6},
  url     = {http://jmlr.org/papers/v23/21-1177.html}
}